
@ARTICLE{Bryan2014,
   author = {{Bryan}, G.~L. and {Norman}, M.~L. and {O'Shea}, B.~W. and {Abel}, T. and 
	{Wise}, J.~H. and {Turk}, M.~J. and {Reynolds}, D.~R. and {Collins}, D.~C. and 
	{Wang}, P. and {Skillman}, S.~W. and {Smith}, B. and {Harkness}, R.~P. and 
	{Bordner}, J. and {Kim}, J.-h. and {Kuhlen}, M. and {Xu}, H. and 
	{Goldbaum}, N. and {Hummels}, C. and {Kritsuk}, A.~G. and {Tasker}, E. and 
	{Skory}, S. and {Simpson}, C.~M. and {Hahn}, O. and {Oishi}, J.~S. and 
	{So}, G.~C. and {Zhao}, F. and {Cen}, R. and {Li}, Y. and {Enzo Collaboration}
	},
    title = "{ENZO: An Adaptive Mesh Refinement Code for Astrophysics}",
  journal = {\apjs},
archivePrefix = "arXiv",
   eprint = {1307.2265},
 primaryClass = "astro-ph.IM",
 keywords = {hydrodynamics, methods: numerical},
     year = 2014,
    month = apr,
   volume = 211,
      eid = {19},
    pages = {19},
      doi = {10.1088/0067-0049/211/2/19},
   adsurl = {http://adsabs.harvard.edu/abs/2014ApJS..211...19B},
  adsnote = {Provided by the SAO/NASA Astrophysics Data System}
}



@ARTICLE{Haardt2012,
    author = {{Haardt}, F. and {Madau}, P.},
    title = "{Radiative Transfer in a Clumpy Universe. IV. New Synthesis Models of the Cosmic UV/X-Ray Background}",
    journal = {\apj},
    archivePrefix = "arXiv",
    eprint = {1105.2039},
    keywords = {cosmology: theory, diffuse radiation, intergalactic medium, galaxies: evolution, quasars: general},
    year = 2012,
    month = feb,
    volume = 746,
    eid = {125},
    pages = {125},
    doi = {10.1088/0004-637X/746/2/125},
    adsurl = {http://adsabs.harvard.edu/abs/2012ApJ...746..125H},
    adsnote = {Provided by the SAO/NASA Astrophysics Data System}
}

@ARTICLE{Bonnor1956,
    author = {{Bonnor}, W.~B.},
    title = "{Boyle's Law and gravitational instability}",
    journal = {\mnras},
    year = 1956,
    volume = 116,
    pages = {351},
    doi = {10.1093/mnras/116.3.351},
    adsurl = {http://adsabs.harvard.edu/abs/1956MNRAS.116..351B},
    adsnote = {Provided by the SAO/NASA Astrophysics Data System}
}


@ARTICLE{Denissenkov2014,
   author = {{Denissenkov}, P.~A. and {Hartwick}, F.~D.~A.},
    title = "{Supermassive stars as a source of abundance anomalies of proton-capture elements in globular clusters}",
  journal = {\mnras},
archivePrefix = "arXiv",
   eprint = {1305.5975},
 primaryClass = "astro-ph.SR",
 keywords = {methods: numerical, stars: abundances, stars: evolution, stars: interiors, stars: winds, outflows},
     year = 2014,
    month = jan,
   volume = 437,
    pages = {L21-L25},
      doi = {10.1093/mnrasl/slt133},
   adsurl = {http://adsabs.harvard.edu/abs/2014MNRAS.437L..21D},
  adsnote = {Provided by the SAO/NASA Astrophysics Data System}
}

@ARTICLE{Bastian2013,
   author = {{Bastian}, N. and {Cabrera-Ziri}, I. and {Davies}, B. and {Larsen}, S.~S.
	},
    title = "{Constraining globular cluster formation through studies of young massive clusters - I. A lack of ongoing star formation within young clusters}",
  journal = {\mnras},
archivePrefix = "arXiv",
   eprint = {1309.5092},
 keywords = {open clusters and associations: general, galaxies: star clusters: general},
     year = 2013,
    month = dec,
   volume = 436,
    pages = {2852-2863},
      doi = {10.1093/mnras/stt1779},
   adsurl = {http://adsabs.harvard.edu/abs/2013MNRAS.436.2852B},
  adsnote = {Provided by the SAO/NASA Astrophysics Data System}
}

@ARTICLE{Bastian2015,
   author = {{Bastian}, N. and {Cabrera-Ziri}, I. and {Salaris}, M.},
    title = "{A general abundance problem for all self-enrichment scenarios for the origin of multiple populations in globular clusters}",
  journal = {\mnras},
archivePrefix = "arXiv",
   eprint = {1503.03071},
 keywords = {globular clusters: general},
     year = 2015,
    month = may,
   volume = 449,
    pages = {3333-3346},
      doi = {10.1093/mnras/stv543},
   adsurl = {http://adsabs.harvard.edu/abs/2015MNRAS.449.3333B},
  adsnote = {Provided by the SAO/NASA Astrophysics Data System}
}

@ARTICLE{Denissenkov2015,
   author = {{Denissenkov}, P.~A. and {VandenBerg}, D.~A. and {Hartwick}, F.~D.~A. and 
	{Herwig}, F. and {Weiss}, A. and {Paxton}, B.},
    title = "{The primordial and evolutionary abundance variations in globular-cluster stars: a problem with two unknowns}",
  journal = {\mnras},
archivePrefix = "arXiv",
   eprint = {1409.1193},
 primaryClass = "astro-ph.SR",
 keywords = {stars: abundances, stars: evolution, stars: interiors},
     year = 2015,
    month = apr,
   volume = 448,
    pages = {3314-3324},
      doi = {10.1093/mnras/stv211},
   adsurl = {http://adsabs.harvard.edu/abs/2015MNRAS.448.3314D},
  adsnote = {Provided by the SAO/NASA Astrophysics Data System}
}



@ARTICLE{Ventura2013,
   author = {{Ventura}, P. and {Di Criscienzo}, M. and {Carini}, R. and {D'Antona}, F.
	},
    title = "{Yields of AGB and SAGB models with chemistry of low- and high-metallicity globular clusters}",
  journal = {\mnras},
archivePrefix = "arXiv",
   eprint = {1303.3912},
 primaryClass = "astro-ph.SR",
 keywords = {stars: abundances, stars: AGB and post-AGB, stars: evolution},
     year = 2013,
    month = jun,
   volume = 431,
    pages = {3642-3653},
      doi = {10.1093/mnras/stt444},
   adsurl = {http://adsabs.harvard.edu/abs/2013MNRAS.431.3642V},
  adsnote = {Provided by the SAO/NASA Astrophysics Data System}
}

@ARTICLE{Krause2013,
   author = {{Krause}, M. and {Charbonnel}, C. and {Decressin}, T. and {Meynet}, G. and 
	{Prantzos}, N.},
    title = "{Superbubble dynamics in globular cluster infancy. II. Consequences for secondary star formation in the context of self-enrichment via fast-rotating massive stars}",
  journal = {\aap},
archivePrefix = "arXiv",
   eprint = {1302.2494},
 keywords = {globular clusters: general, ISM: bubbles, ISM: jets and outflows},
     year = 2013,
    month = apr,
   volume = 552,
      eid = {A121},
    pages = {A121},
      doi = {10.1051/0004-6361/201220694},
   adsurl = {http://adsabs.harvard.edu/abs/2013A%26A...552A.121K},
  adsnote = {Provided by the SAO/NASA Astrophysics Data System}
}

@ARTICLE{Renzini2013,
   author = {{Renzini}, A.},
    title = "{Rethinking globular clusters formation }",
  journal = {Memorie della Societa Astronomica Italiana},
archivePrefix = "arXiv",
   eprint = {1302.0329},
 primaryClass = "astro-ph.GA",
 keywords = {Galaxy: globular clusters, Stars: formation, Stars: evolution},
     year = 2013,
   volume = 84,
    pages = {162},
   adsurl = {http://adsabs.harvard.edu/abs/2013MmSAI..84..162R},
  adsnote = {Provided by the SAO/NASA Astrophysics Data System}
}

@ARTICLE{Smith2016,
   author = {{Smith}, B.~D. and {Bryan}, G.~L. and {Glover}, S.~C.~O. and 
	{Goldbaum}, N.~J. and {Turk}, M.~J. and {Regan}, J. and {Wise}, J.~H. and 
	{Schive}, H.-Y. and {Abel}, T. and {Emerick}, A. and {O'Shea}, B.~W. and 
	{Anninos}, P. and {Hummels}, C.~B. and {Khochfar}, S.},
    title = "{Grackle: a Chemistry and Cooling Library for Astrophysics}",
  journal = {ArXiv e-prints},
archivePrefix = "arXiv",
   eprint = {1610.09591},
 keywords = {Astrophysics - Cosmology and Nongalactic Astrophysics, Astrophysics - Astrophysics of Galaxies, Astrophysics - Instrumentation and Methods for Astrophysics},
     year = 2016,
    month = oct,
   adsurl = {http://adsabs.harvard.edu/abs/2016arXiv161009591S},
  adsnote = {Provided by the SAO/NASA Astrophysics Data System}
}



@INPROCEEDINGS{Renzini2015,
   author = {{Renzini}, A.},
    title = "{Why Galaxies Care about AGB Stars: Setting the Stage}",
booktitle = {Why Galaxies Care about AGB Stars III: A Closer Look in Space and Time},
     year = 2015,
   series = {Astronomical Society of the Pacific Conference Series},
   volume = 497,
archivePrefix = "arXiv",
   eprint = {1412.6379},
 primaryClass = "astro-ph.SR",
   editor = {{Kerschbaum}, F. and {Wing}, R.~F. and {Hron}, J.},
    month = aug,
    pages = {1},
   adsurl = {http://adsabs.harvard.edu/abs/2015ASPC..497....1R},
  adsnote = {Provided by the SAO/NASA Astrophysics Data System}
}



@ARTICLE{Zwart2010,
   author = {{Portegies Zwart}, S.~F. and {McMillan}, S.~L.~W. and {Gieles}, M.
	},
    title = "{Young Massive Star Clusters}",
  journal = {\araa},
archivePrefix = "arXiv",
   eprint = {1002.1961},
     year = 2010,
    month = sep,
   volume = 48,
    pages = {431-493},
      doi = {10.1146/annurev-astro-081309-130834},
   adsurl = {http://adsabs.harvard.edu/abs/2010ARA%26A..48..431P},
  adsnote = {Provided by the SAO/NASA Astrophysics Data System}
}

@ARTICLE{Dercole2010,
   author = {{D'Ercole}, A. and {D'Antona}, F. and {Ventura}, P. and {Vesperini}, E. and 
	{McMillan}, S.~L.~W.},
    title = "{Abundance patterns of multiple populations in globular clusters: a chemical evolution model based on yields from AGB ejecta}",
  journal = {\mnras},
archivePrefix = "arXiv",
   eprint = {1005.1892},
 keywords = {stars: chemically peculiar, globular clusters: general, globular clusters: individual: NGC 2808, globular clusters: individual: NGC 6121, globular clusters: individual: M4},
     year = 2010,
    month = sep,
   volume = 407,
    pages = {854-869},
      doi = {10.1111/j.1365-2966.2010.16996.x},
   adsurl = {http://adsabs.harvard.edu/abs/2010MNRAS.407..854D},
  adsnote = {Provided by the SAO/NASA Astrophysics Data System}
}

@ARTICLE{Muratov2010,
   author = {{Muratov}, A.~L. and {Gnedin}, O.~Y.},
    title = "{Modeling the Metallicity Distribution of Globular Clusters}",
  journal = {\apj},
archivePrefix = "arXiv",
   eprint = {1002.1325},
 keywords = {galaxies: formation, galaxies: star clusters: general, globular clusters: general},
     year = 2010,
    month = aug,
   volume = 718,
    pages = {1266-1288},
      doi = {10.1088/0004-637X/718/2/1266},
   adsurl = {http://adsabs.harvard.edu/abs/2010ApJ...718.1266M},
  adsnote = {Provided by the SAO/NASA Astrophysics Data System}
}

@ARTICLE{Milone2010,
   author = {{Milone}, A.~P. and {Piotto}, G. and {King}, I.~R. and {Bedin}, L.~R. and 
	{Anderson}, J. and {Marino}, A.~F. and {Momany}, Y. and {Malavolta}, L. and 
	{Villanova}, S.},
    title = "{Multiple Stellar Populations in the Galactic Globular Cluster NGC 6752}",
  journal = {\apj},
archivePrefix = "arXiv",
   eprint = {0912.2055},
 primaryClass = "astro-ph.SR",
 keywords = {globular clusters: individual: NGC 6752, Hertzsprung-Russell and C-M diagrams},
     year = 2010,
    month = feb,
   volume = 709,
    pages = {1183-1194},
      doi = {10.1088/0004-637X/709/2/1183},
   adsurl = {http://adsabs.harvard.edu/abs/2010ApJ...709.1183M},
  adsnote = {Provided by the SAO/NASA Astrophysics Data System}
}

@ARTICLE{Carretta2009,
   author = {{Carretta}, E. and {Bragaglia}, A. and {Gratton}, R. and {D'Orazi}, V. and 
	{Lucatello}, S.},
    title = "{Intrinsic iron spread and a new metallicity scale for globular clusters}",
  journal = {\aap},
archivePrefix = "arXiv",
   eprint = {0910.0675},
 keywords = {stars: abundances, stars: atmospheres, stars: population II, globular clusters: general},
     year = 2009,
    month = dec,
   volume = 508,
    pages = {695-706},
      doi = {10.1051/0004-6361/200913003},
   adsurl = {http://adsabs.harvard.edu/abs/2009A%26A...508..695C},
  adsnote = {Provided by the SAO/NASA Astrophysics Data System}
}

@ARTICLE{deMink2009,
   author = {{de Mink}, S.~E. and {Pols}, O.~R. and {Langer}, N. and {Izzard}, R.~G.
	},
    title = "{Massive binaries as the source of abundance anomalies in globular clusters}",
  journal = {\aap},
archivePrefix = "arXiv",
   eprint = {0910.1086},
 primaryClass = "astro-ph.SR",
 keywords = {stars: abundances, stars: binaries: close, Galaxy: globular clusters: general, ISM: general},
     year = 2009,
    month = nov,
   volume = 507,
    pages = {L1-L4},
      doi = {10.1051/0004-6361/200913205},
   adsurl = {http://adsabs.harvard.edu/abs/2009A%26A...507L...1D},
  adsnote = {Provided by the SAO/NASA Astrophysics Data System}
}

@INPROCEEDINGS{Piotto2009,
   author = {{Piotto}, G.},
    title = "{Observations of multiple populations in star clusters}",
 keywords = {globular clusters, stars: horizontal-branch, stellar populations, techniques: photometric, astrometry},
booktitle = {The Ages of Stars},
     year = 2009,
   series = {IAU Symposium},
   volume = 258,
   editor = {{Mamajek}, E.~E. and {Soderblom}, D.~R. and {Wyse}, R.~F.~G.
	},
    month = jun,
    pages = {233-244},
      doi = {10.1017/S1743921309031883},
   adsurl = {http://adsabs.harvard.edu/abs/2009IAUS..258..233P},
  adsnote = {Provided by the SAO/NASA Astrophysics Data System}
}

@ARTICLE{Anderson2009,
   author = {{Anderson}, J. and {Piotto}, G. and {King}, I.~R. and {Bedin}, L.~R. and 
	{Guhathakurta}, P.},
    title = "{Mixed Populations in Globular Clusters: Et Tu, 47 Tuc?}",
  journal = {\apjl},
archivePrefix = "arXiv",
   eprint = {0904.1626},
 primaryClass = "astro-ph.GA",
 keywords = {globular clusters: individual: NGC 104, Hertzsprung-Russell (HR) diagram},
     year = 2009,
    month = may,
   volume = 697,
    pages = {L58-L62},
      doi = {10.1088/0004-637X/697/1/L58},
   adsurl = {http://adsabs.harvard.edu/abs/2009ApJ...697L..58A},
  adsnote = {Provided by the SAO/NASA Astrophysics Data System}
}

@ARTICLE{Renzini2008,
   author = {{Renzini}, A.},
    title = "{Origin of multiple stellar populations in globular clusters and their helium enrichment}",
  journal = {\mnras},
archivePrefix = "arXiv",
   eprint = {0808.4095},
 keywords = {stars: AGB and post-AGB , globular clusters: general , globular clusters: individual: {$\omega$} Cen , globular clusters: individual: NGC 1851 , globular clusters: individual: NGC 2808 , globular clusters: individual: NGC 6388},
     year = 2008,
    month = nov,
   volume = 391,
    pages = {354-362},
      doi = {10.1111/j.1365-2966.2008.13892.x},
   adsurl = {http://adsabs.harvard.edu/abs/2008MNRAS.391..354R},
  adsnote = {Provided by the SAO/NASA Astrophysics Data System}
}

@ARTICLE{Brodie2006,
   author = {{Brodie}, J.~P. and {Strader}, J.},
    title = "{Extragalactic Globular Clusters and Galaxy Formation}",
  journal = {\araa},
   eprint = {astro-ph/0602601},
     year = 2006,
    month = sep,
   volume = 44,
    pages = {193-267},
      doi = {10.1146/annurev.astro.44.051905.092441},
   adsurl = {http://adsabs.harvard.edu/abs/2006ARA%26A..44..193B},
  adsnote = {Provided by the SAO/NASA Astrophysics Data System}
}

@ARTICLE{Peng2006,
   author = {{Peng}, E.~W. and {Jord{\'a}n}, A. and {C{\^o}t{\'e}}, P. and 
	{Blakeslee}, J.~P. and {Ferrarese}, L. and {Mei}, S. and {West}, M.~J. and 
	{Merritt}, D. and {Milosavljevi{\'c}}, M. and {Tonry}, J.~L.
	},
    title = "{The ACS Virgo Cluster Survey. IX. The Color Distributions of Globular Cluster Systems in Early-Type Galaxies}",
  journal = {\apj},
   eprint = {astro-ph/0509654},
 keywords = {Galaxies: Elliptical and Lenticular, cD, Galaxies: Evolution, Galaxies: Star Clusters, Galaxy: Globular Clusters: General},
     year = 2006,
    month = mar,
   volume = 639,
    pages = {95-119},
      doi = {10.1086/498210},
   adsurl = {http://adsabs.harvard.edu/abs/2006ApJ...639...95P},
  adsnote = {Provided by the SAO/NASA Astrophysics Data System}
}

@ARTICLE{Strader2003,
   author = {{Strader}, J. and {Brodie}, J.~P. and {Schweizer}, F. and {Larsen}, S.~S. and 
	{Seitzer}, P.},
    title = "{Keck Spectroscopy of Globular Clusters in the Elliptical Galaxy NGC 3610}",
  journal = {\aj},
   eprint = {astro-ph/0211156},
 keywords = {Galaxies: Individual: NGC Number: NGC 3610, Galaxies: Interactions, Galaxies: Star Clusters},
     year = 2003,
    month = feb,
   volume = 125,
    pages = {626-633},
      doi = {10.1086/346086},
   adsurl = {http://adsabs.harvard.edu/abs/2003AJ....125..626S},
  adsnote = {Provided by the SAO/NASA Astrophysics Data System}
}

@INPROCEEDINGS{Santos2003,
   author = {{Santos}, M.~R.},
    title = "{The High-Redshift Formation of Metal-Poor Globular Cluster Systems}",
booktitle = {Extragalactic Globular Cluster Systems},
     year = 2003,
   editor = {{Kissler-Patig}, M.},
    pages = {348},
      doi = {10.1007/10857603_53},
   adsurl = {http://adsabs.harvard.edu/abs/2003egcs.conf..348S},
  adsnote = {Provided by the SAO/NASA Astrophysics Data System}
}

@ARTICLE{Beasley2002,
   author = {{Beasley}, M.~A. and {Baugh}, C.~M. and {Forbes}, D.~A. and 
	{Sharples}, R.~M. and {Frenk}, C.~S.},
    title = "{On the formation of globular cluster systems in a hierarchical Universe}",
  journal = {\mnras},
   eprint = {astro-ph/0202191},
 keywords = {galaxies: elliptical and lenticular, cD, galaxies: evolution, galaxies: formation, galaxies: star clusters},
     year = 2002,
    month = jun,
   volume = 333,
    pages = {383-399},
      doi = {10.1046/j.1365-8711.2002.05402.x},
   adsurl = {http://adsabs.harvard.edu/abs/2002MNRAS.333..383B},
  adsnote = {Provided by the SAO/NASA Astrophysics Data System}
}

@ARTICLE{Gratton2001,
   author = {{Gratton}, R.~G. and {Bonifacio}, P. and {Bragaglia}, A. and 
	{Carretta}, E. and {Castellani}, V. and {Centurion}, M. and 
	{Chieffi}, A. and {Claudi}, R. and {Clementini}, G. and {D'Antona}, F. and 
	{Desidera}, S. and {Fran{\c c}ois}, P. and {Grundahl}, F. and 
	{Lucatello}, S. and {Molaro}, P. and {Pasquini}, L. and {Sneden}, C. and 
	{Spite}, F. and {Straniero}, O.},
    title = "{The O-Na and Mg-Al anticorrelations in turn-off and early subgiants in globular clusters}",
  journal = {\aap},
   eprint = {astro-ph/0012457},
 keywords = {STARS: ABUNDANCES, STARS: EVOLUTION, STARS: POPULATION II, GALAXY: GLOBULAR CLUSTERS},
     year = 2001,
    month = apr,
   volume = 369,
    pages = {87-98},
      doi = {10.1051/0004-6361:20010144},
   adsurl = {http://adsabs.harvard.edu/abs/2001A%26A...369...87G},
  adsnote = {Provided by the SAO/NASA Astrophysics Data System}
}

@ARTICLE{Forbes1997,
   author = {{Forbes}, D.~A. and {Brodie}, J.~P. and {Grillmair}, C.~J.},
    title = "{On the Origin of Globular Clusters in Elliptical and cD Galaxies}",
  journal = {\aj},
   eprint = {astro-ph/9702146},
 keywords = {GALAXIES: EVOLUTION, GLOBULAR CLUSTERS: GENERAL, GALAXIES: CD},
     year = 1997,
    month = may,
   volume = 113,
    pages = {1652},
      doi = {10.1086/118382},
   adsurl = {http://adsabs.harvard.edu/abs/1997AJ....113.1652F},
  adsnote = {Provided by the SAO/NASA Astrophysics Data System}
}

@ARTICLE{Harris1994,
   author = {{Harris}, W.~E. and {Pudritz}, R.~E.},
    title = "{Supergiant molecular clouds and the formation of globular cluster systems}",
  journal = {\apj},
 keywords = {Astronomical Models, Galactic Evolution, Globular Clusters, Mass Distribution, Molecular Clouds, Disk Galaxies, Elliptical Galaxies, Gravitational Collapse, H Ii Regions, Interstellar Magnetic Fields},
     year = 1994,
    month = jul,
   volume = 429,
    pages = {177-191},
      doi = {10.1086/174310},
   adsurl = {http://adsabs.harvard.edu/abs/1994ApJ...429..177H},
  adsnote = {Provided by the SAO/NASA Astrophysics Data System}
}

@ARTICLE{Kraft1994,
   author = {{Kraft}, R.~P.},
    title = "{Abundance differences among globular-cluster giants: Primordial versus evolutionary scenarios}",
  journal = {PASP},
 keywords = {Abundance, Chemical Evolution, Giant Stars, Globular Clusters, Main Sequence Stars, Stellar Evolution, Variations, Aluminum, Carbon, Dredging, Metallicity, Nitrogen, Oxygen, Sodium, Stellar Composition, Stellar Rotation, Stellar Spectra},
     year = 1994,
    month = jun,
   volume = 106,
    pages = {553-565},
      doi = {10.1086/133416},
   adsurl = {http://adsabs.harvard.edu/abs/1994PASP..106..553K},
  adsnote = {Provided by the SAO/NASA Astrophysics Data System}
}

@ARTICLE{Ashman1992,
   author = {{Ashman}, K.~M. and {Zepf}, S.~E.},
    title = "{The formation of globular clusters in merging and interacting galaxies}",
  journal = {\apj},
 keywords = {Galactic Clusters, Globular Clusters, Star Formation, Disk Galaxies, Elliptical Galaxies, Metallicity},
     year = 1992,
    month = jan,
   volume = 384,
    pages = {50-61},
      doi = {10.1086/170850},
   adsurl = {http://adsabs.harvard.edu/abs/1992ApJ...384...50A},
  adsnote = {Provided by the SAO/NASA Astrophysics Data System}
}

@ARTICLE{Norris1981,
   author = {{Norris}, J. and {Cottrell}, P.~L. and {Freeman}, K.~C. and 
	{Da Costa}, G.~S.},
    title = "{The abundance spread in the giants of NGC 6752}",
  journal = {\apj},
 keywords = {Astronomical Spectroscopy, Giant Stars, Globular Clusters, Late Stars, Abundance, Anomalies, Astronomical Catalogs, Spectral Bands, Ubv Spectra},
     year = 1981,
    month = feb,
   volume = 244,
    pages = {205-220},
      doi = {10.1086/158698},
   adsurl = {http://adsabs.harvard.edu/abs/1981ApJ...244..205N},
  adsnote = {Provided by the SAO/NASA Astrophysics Data System}
}














